% Put you own bibliography entries in this file
@article{HFLAV16,
      author         = "Amhis, Y. and others",
      collaboration  = "Heavy Flavor Averaging Group",
      title          = "{Averages of $b$-hadron, $c$-hadron, and $\tau$-lepton
                        properties as of summer 2016}",
      journal        = "Eur. Phys. J.",
      volume         = "C77",
      pages          = "895",
      doi            = "10.1140/epjc/s10052-017-5058-4",
      year           = "2017",
      eprint         = "1612.07233",
      archivePrefix  = "arXiv",
      primaryClass   = "hep-ex",
      SLACcitation   = "%%CITATION = ARXIV:1612.07233;%%",
      note           = "{updated results and plots available at \href{https://hflav.web.cern.ch}{{\texttt{https://hflav.web.cern.ch}}}}",
}


@Article{LEP-2,
    author = "{The ALEPH, DELPHI, L3, OPAL Collaborations, the LEP Electroweak Working Group}",
    title = "{Electroweak Measurements in Electron-Positron Collisions at W-Boson-Pair Energies at LEP}",
    journal = "Phys. Rept.",
    volume = "532",
    year = "2013",
    pages = "119",
    eprint = "1302.3415",
    archivePrefix = "arXiv",
    primaryClass = "hep-ex",
    reportNumber = "CERN-PH-EP-2013-022",
    SLACcitation = "%%CITATION = ARXIV:1302.3415;%%",
}

@online{EGammaIdentificationRun2,
  title = {Latest egamma tune for electron},
  url = {https://twiki.cern.ch/twiki/bin/view/AtlasProtected/EGammaIdentificationRun2},
}

@online{MuonSelectionTool,
  title = {Latest MCP recommendation for muons,},
  url = {https://twiki.cern.ch/twiki/bin/view/Atlas/MuonSelectionTool},
}

@online{IsolationSelectionTool,
  title = {Isolation official working points,},
  url = {https://twiki.cern.ch/twiki/bin/view/AtlasProtected/IsolationSelectionTool},
}

@online{JetEtmissRecommendationsR21,
  title = {Latest JetEtmiss recommendation,},
  url = {https://twiki.cern.ch/twiki/bin/view/AtlasProtected/JetEtmissRecommendationsR21},
}

@techreport{Adams:1700874,
      author        = "Adams, D and Anastopoulos, C and Andreazza, A and Aoki, M
                       and Asquith, L and Begel, M and Bernlochner, F and
                       Blumenschein, U and Bocci, A and Cheatham, S and Davey, W
                       and Delsart, P-A and DeViveiros, P-O and Dewhurst, A and
                       Duschinger, D and Filthaut, F and Francavilla, P and
                       Garberson, F and Head, S and Henrichs, A and Hoecker, A and
                       Kagan, M and Kersevan, B and Khoo, TJ and Lenzi, B and
                       Lopez Mateos, D and Malaescu, B and Marshall, Z and Martin,
                       T and Meyer, C and Morley, A and Murray, W and zur Nedden,
                       M and Nicolaidou, R and Pagan Griso, S and Pasztor, G and
                       Petroff, P and Pizio, C and Polifka, R and Poveda, X and
                       Reece, R and Ruehr, F and Salvatore, F and Sandstroem, R
                       and Scanlon, T and Scheirich, D and Schramm, S and
                       Schwartzman, A and Suruliz, K and Sutton, M and Thompson, E
                       and Tripiana, M and Tuna, A and Viel, S and Vincter, M and
                       Vivarelli, I and Wielers, M and Wildauer, A and Zinonos, Z",
      title         = "{Recommendations of the Physics Objects and Analysis
                       Harmonisation Study Groups 2014}",
      institution   = "CERN",
      address       = "Geneva",
      number        = "ATL-COM-PHYS-2014-451",
      month         = "May",
      year          = "2014",
      reportNumber  = "ATL-COM-PHYS-2014-451",
      url           = "https://cds.cern.ch/record/1700874",
}

@online{CrossSectionHighOrder,
  title = {Single boson cross section predictions,},
  url = {https://twiki.cern.ch/twiki/bin/view/AtlasProtected/CrossSectionHighOrder},
}

@online{SMDC14xsecs,
  title = {Diboson cross section predictions,},
  url = {https://twiki.cern.ch/twiki/bin/view/AtlasProtected/SMDC14xsecs},
}

@online{TtbarNNLO,
  title = {Top-quark-pair cross section predictions,},
  url = {https://twiki.cern.ch/twiki/bin/view/LHCPhysics/TtbarNNLO},
}

@techreport{Andari:1976186,
      author        = "Andari, Nansi and Blanchard, Jean-Baptiste and Boonekamp,
                       Maarten and Camarda, Stefano and Dimitrievska, Aleksandra
                       and Hanna, Remie and Hays, Chris and Karnevskiy, Mikhail
                       and Kivernyk, Oleh and Schott, Matthias and Siragusa,
                       Giovanni and Stroehmer, Raimund and Vranjes, Nenad and
                       Webb, Samuel and Zimmermann, Christoph",
      title         = "{Measurement of $m_W$ with 7~TeV data: $W$ boson mass
                       measurement}",
      institution   = "CERN",
      address       = "Geneva",
      number        = "ATL-COM-PHYS-2014-1569",
      month         = "Dec",
      year          = "2014",
      reportNumber  = "ATL-COM-PHYS-2014-1569",
      url           = "https://cds.cern.ch/record/1976186",
}

@online{StandardModelASG,
  title = {ATLAS SM MC samples,},
  url = {https://twiki.cern.ch/twiki/bin/viewauth/AtlasProtected/StandardModelASG#SM_derivations},
}

@article{Aad:2010ah,
      author         = "Aad, G. and others",
      title          = "{The ATLAS Simulation Infrastructure}",
      collaboration  = "ATLAS",
      journal        = "Eur. Phys. J.",
      volume         = "C70",
      year           = "2010",
      pages          = "823-874",
      doi            = "10.1140/epjc/s10052-010-1429-9",
      eprint         = "1005.4568",
      archivePrefix  = "arXiv",
      primaryClass   = "physics.ins-det",
      SLACcitation   = "%%CITATION = ARXIV:1005.4568;%%"
}

@article{AGOSTINELLI2003250,
title = "Geant4—a simulation toolkit",
journal = "Nuclear Instruments and Methods in Physics Research Section A: Accelerators, Spectrometers, Detectors and Associated Equipment",
volume = "506",
number = "3",
pages = "250 - 303",
year = "2003",
issn = "0168-9002",
doi = "https://doi.org/10.1016/S0168-9002(03)01368-8",
url = "http://www.sciencedirect.com/science/article/pii/S0168900203013688",
author = "S. Agostinelli and J. Allison and K. Amako and J. Apostolakis and H. Araujo and P. Arce and M. Asai and D. Axen and S. Banerjee and G. Barrand and F. Behner and L. Bellagamba and J. Boudreau and L. Broglia and A. Brunengo and H. Burkhardt and S. Chauvie and J. Chuma and R. Chytracek and G. Cooperman and G. Cosmo and P. Degtyarenko and A. Dell'Acqua and G. Depaola and D. Dietrich and R. Enami and A. Feliciello and C. Ferguson and H. Fesefeldt and G. Folger and F. Foppiano and A. Forti and S. Garelli and S. Giani and R. Giannitrapani and D. Gibin and J.J. Gómez Cadenas and I. González and G. Gracia Abril and G. Greeniaus and W. Greiner and V. Grichine and A. Grossheim and S. Guatelli and P. Gumplinger and R. Hamatsu and K. Hashimoto and H. Hasui and A. Heikkinen and A. Howard and V. Ivanchenko and A. Johnson and F.W. Jones and J. Kallenbach and N. Kanaya and M. Kawabata and Y. Kawabata and M. Kawaguti and S. Kelner and P. Kent and A. Kimura and T. Kodama and R. Kokoulin and M. Kossov and H. Kurashige and E. Lamanna and T. Lampén and V. Lara and V. Lefebure and F. Lei and M. Liendl and W. Lockman and F. Longo and S. Magni and M. Maire and E. Medernach and K. Minamimoto and P. Mora de Freitas and Y. Morita and K. Murakami and M. Nagamatu and R. Nartallo and P. Nieminen and T. Nishimura and K. Ohtsubo and M. Okamura and S. O'Neale and Y. Oohata and K. Paech and J. Perl and A. Pfeiffer and M.G. Pia and F. Ranjard and A. Rybin and S. Sadilov and E. Di Salvo and G. Santin and T. Sasaki and N. Savvas and Y. Sawada and S. Scherer and S. Sei and V. Sirotenko and D. Smith and N. Starkov and H. Stoecker and J. Sulkimo and M. Takahata and S. Tanaka and E. Tcherniaev and E. Safai Tehrani and M. Tropeano and P. Truscott and H. Uno and L. Urban and P. Urban and M. Verderi and A. Walkden and W. Wander and H. Weber and J.P. Wellisch and T. Wenaus and D.C. Williams and D. Wright and T. Yamada and H. Yoshida and D. Zschiesche",
keywords = "Simulation, Particle interactions, Geometrical modelling, Software engineering, Object-oriented technology, Distributed software development",
abstract = "Geant4 is a toolkit for simulating the passage of particles through matter. It includes a complete range of functionality including tracking, geometry, physics models and hits. The physics processes offered cover a comprehensive range, including electromagnetic, hadronic and optical processes, a large set of long-lived particles, materials and elements, over a wide energy range starting, in some cases, from 250eV and extending in others to the TeV energy range. It has been designed and constructed to expose the physics models utilised, to handle complex geometries, and to enable its easy adaptation for optimal use in different sets of applications. The toolkit is the result of a worldwide collaboration of physicists and software engineers. It has been created exploiting software engineering and object-oriented technology and implemented in the C++ programming language. It has been used in applications in particle physics, nuclear physics, accelerator design, space engineering and medical physics."
}

@article{Sjostrand:2007gs,
      author         = "Sjostrand, Torbjorn and Mrenna, Stephen and Skands, Peter
                        Z.",
      title          = "{A Brief Introduction to PYTHIA 8.1}",
      journal        = "Comput. Phys. Commun.",
      volume         = "178",
      year           = "2008",
      pages          = "852-867",
      doi            = "10.1016/j.cpc.2008.01.036",
      eprint         = "0710.3820",
      archivePrefix  = "arXiv",
      primaryClass   = "hep-ph",
      reportNumber   = "CERN-LCGAPP-2007-04, LU-TP-07-28,
                        FERMILAB-PUB-07-512-CD-T",
      SLACcitation   = "%%CITATION = ARXIV:0710.3820;%%"
}

@online{PileupReweighting,
  title = {ATLAS Pileup Reweighting,},
  url = {https://twiki.cern.ch/twiki/bin/view/AtlasProtected/PileupReweighting},
}

@online{xTauFramework,
  title = {ATLAS xTauFramework software documentation,},
  url = {https://gitlab.cern.ch/Wlep_BR/xTauFramework/blob/master/doc/README.md},
}

@online{xTauReader,
  title = {xTauReader analysis package,},
  url = {https://gitlab.cern.ch/Wlep_BR/xTauReader},
}

@techreport{Mcfayden:2667199,
      author        = "Mcfayden, Joshua Angus and Young, Christopher and
                       Borissov, Guennadi and Sanderswood, Izaac Gregory and
                       Koehler, Nicolas Maximilian",
      title         = "{Measurement of the ratio of branching fractions of
                       W-boson decays to $\tau$ and light leptons in $t\bar{t}$
                       events with the ATLAS detector}",
      institution   = "CERN",
      address       = "Geneva",
      number        = "ATL-COM-PHYS-2019-212",
      month         = "Mar",
      year          = "2019",
      reportNumber  = "ATL-COM-PHYS-2019-212",
      url           = "https://cds.cern.ch/record/2667199",
}

@techreport{Kretzschmar:2657141,
      author        = "Kretzschmar, Jan",
      title         = "{Samples and Physics modelling for low pile-up runs taken
                       in 2017 and 2018}",
      institution   = "CERN",
      address       = "Geneva",
      number        = "ATL-COM-PHYS-2019-075",
      month         = "Feb",
      year          = "2019",
      reportNumber  = "ATL-COM-PHYS-2019-075",
      url           = "https://cds.cern.ch/record/2657141",
}

@techreport{Sydorenko:2657116,
      author        = "Sydorenko, Alexander and Kremer, Jakub Andrzej and Xu,
                       Tairan",
      title         = "{Muon corrections for low pile-up runs taken in 2017 and
                       2018}",
      institution   = "CERN",
      address       = "Geneva",
      number        = "ATL-COM-PHYS-2019-072",
      month         = "Feb",
      year          = "2019",
      reportNumber  = "ATL-COM-PHYS-2019-072",
      url           = "https://cds.cern.ch/record/2657116",
}

@techreport{Li:2657182,
      author        = "Li, Mengran and Llorente Merino, Javier and Balli, Fabrice
                       and Kretzschmar, Jan and Boonekamp, Maarten and Khandoga,
                       Mykola and Aperio Bella, Ludovica and Strohmer, Raimund and
                       Trofymov, Artur",
      title         = "{Hadronic recoil reconstruction and calibration for low
                       pile-up runs taken in 2017 and 2018}",
      institution   = "CERN",
      address       = "Geneva",
      number        = "ATL-COM-PHYS-2019-078",
      month         = "Feb",
      year          = "2019",
      reportNumber  = "ATL-COM-PHYS-2019-078",
      url           = "https://cds.cern.ch/record/2657182",
}

